
@BOOK{yariv,
  AUTHOR="Amnon Yariv",
  TITLE="Quantum Electronics (3rd. ed)",
  PUBLISHER="John Wiley \& Sons",
  YEAR="1989"
  }

@BOOK{nye,
  AUTHOR="John Frederick Nye",
  TITLE="Physical properties of crystals (Their representation by tensors and matrices)",
  PUBLISHER="Oxford University Press",
  YEAR="1985"
  }


@phdthesis{tvo ,
  author = {Thomas Vo},
  title = {Adaptive Mode Matching in Advanced LIGO and beyond},
  publisher = {Syracuse University Physics Department},
  address = {Syracuse NY},
  year = {2019}
}

@article{hello_vinet,
   author={Patrice Hello and Jean-Yves Vinet},
   title={Analytical models of thermal aberrations in massive mirrors heated by high power laser beams},
   journal={Journal de Physique},
   volume={51},
   year=1990,
   pages={1267-1282}
}

@article{brooks2021,
   author={Aiden Brooks, and others},
   title={Point absorbers in advanced LIGO},
   journal={Optical Scoiety of America},
   volume={60},
   issue={13},
   year=2021,
   pages={4047-4063}
}

@misc{WinNT,
  title = {$\mathrm{Al}_x\mathrm{Ga}_{1-x}\mathrm{As}$,
  howpublished = {\url{http://www.ioffe.ru/SVA/NSM/Semicond/AlGaAs/index.html}},
  note = {Accessed: 2021-08-01}}

@book{leissa,
  AUTHOR="John Frederick Nye",
  TITLE="Physical properties of crystals (Their representation by tensors and matrices)",
  PUBLISHER="Oxford University Press",
  YEAR="1985"}
